@misc{ data-artisan-flink,
	title = {High-throughput, low-latency, and exactly-once stream processing with Apache Flink},
	howpublished={\url{http://data-artisans.com/high-throughput-low-latency-and-exactly-once-stream-processing-with-apache-flink/}},
},
@misc{ confluent-flink,
	title = {Real-time stream processing: The next step for Apache Flink},
	howpublished={\url{https://www.confluent.io/blog/real-time-stream-processing-the-next-step-for-apache-flink/}},
},
@misc{ official-flink,
	title = {Official website for Apache Flink},
	howpublished={\url{https://flink.apache.org/}},
},